%% This BibTeX bibliography file was created using BibDesk.
%% http://bibdesk.sourceforge.net/

%% Created for Anusha Ramamurthy at 2016-12-12 20:50:06 -0500 


%% Saved with string encoding Unicode (UTF-8) 



@article{dataset,
	Author = {Dean De Cock},
	Date-Added = {2016-12-13 01:41:07 +0000},
	Date-Modified = {2016-12-13 01:46:13 +0000},
	Journal = {Journal of Statistics Education},
	Number = {3},
	Title = {Ames, Iowa: Alternative to the Boston Housing Data as an End of Semester Regression Project},
	Volume = {19},
	Year = {2011}}

@url{stat,
	Date-Added = {2016-12-13 01:38:32 +0000},
	Date-Modified = {2016-12-13 01:48:22 +0000},
	Keywords = {Regression},
	Title = {STAT 501 online course},
	Url = {https://onlinecourses.science.psu.edu/stat501/node/251}}

@url{irb,
	Author = {Xian Guang LI, Qi Ming LI},
	Date-Added = {2016-12-13 01:29:31 +0000},
	Date-Modified = {2016-12-13 01:50:03 +0000},
	Keywords = {data mining; real estate market; prediction},
	Title = {THE APPLICATION OF DATA MINING TECHNOLOGY IN REAL ESTATE MARKET PREDICTION},
	Url = {https://www.irbnet.de/daten/iconda/CIB5807.pdf},
	Urldate = {2006},
	Bdsk-Url-1 = {https://www.irbnet.de/daten/iconda/CIB5807.pdf}}
